@manual{man-pthread-create,
author = "{The Linux man-pages project}",
title = {pthread_create(3)},
year = {2014},
OPTsubtitle = {•},
OPTtitleaddon = {•},
OPTlanguage = {•},
OPTedition = {•},
OPTtype = {•},
OPTseries = {•},
OPTnumber = {•},
version = {3.69},
OPTnote = {•},
OPTorganization = {•},
OPTpublisher = {•},
OPTlocation = {•},
OPTisbn = {•},
OPTchapter = {•},
OPTpages = {•},
OPTpagetotal = {•},
OPTaddendum = {•},
OPTpubstate = {•},
OPTdoi = {•},
OPTeprint = {•},
OPTeprintclass = {•},
OPTeprinttype = {•},
url = {http://man7.org/linux/man-pages/man3/pthread_create.3.html},
urldate = {2015-05-12},
}


@InProceedings{BBH+13,
  author    = "Jiří Barnat and Luboš Brim and Vojtěch Havel
               and Jan Havlíček and Jan Kriho and Milan Lenčo
               and Petr Ročkai and Vladimír Štill and Jiří Weiser",
  title     = "{DiVinE 3.0 -- An Explicit-State Model Checker
                for Multithreaded C \& C++ Programs}",
  booktitle = "{Computer Aided Verification (CAV 2013)}",
  pages     = "863--868",
  volume    = "8044",
  series    = "LNCS",
  year      = "2013",
  publisher = "Springer"
}

@book{CLARKE,
author = {Edmund M. Clarke, Jr. and Orna Grumberg and Doron A. Peled },
title = {Model Checking},
year = {1999},
OPTeditor = {•},
OPTeditora = {•},
OPTeditorb = {•},
OPTeditorc = {•},
OPTtranslator = {•},
OPTannotator = {•},
OPTcommentator = {•},
OPTintroduction = {•},
OPTforeword = {•},
OPTafterword = {•},
OPTsubtitle = {•},
OPTtitleaddon = {•},
OPTmaintitle = {•},
OPTmainsubtitle = {•},
OPTmaintitleaddon = {•},
OPTlanguage = {•},
OPToriglanguage = {•},
OPTvolume = {•},
OPTpart = {•},
OPTedition = {•},
OPTvolumes = {•},
OPTseries = {•},
OPTnumber = {•},
OPTnote = {•},
publisher = {MIT Press},
location = {Cambridge, Massachusets and London, England},
isbn = {0-262-03270-8},
OPTchapter = {•},
OPTpages = {•},
OPTpagetotal = {•},
OPTaddendum = {•},
OPTpubstate = {•},
OPTdoi = {•},
OPTeprint = {•},
OPTeprintclass = {•},
OPTeprinttype = {•},
OPTurl = {•},
OPTurldate = {•},
}

@manual{NTSref,
author = {Radu Iosif and Filip Konečný and Marius Bozga},
title = {The Numerical Transition Systems Library},
year = {[pravděpodobně 2009-2013]},
OPTsubtitle = {•},
OPTtitleaddon = {•},
OPTedition = {•},
OPTtype = {•},
OPTseries = {•},
OPTnumber = {•},
OPTversion = {1.0},
OPTnote = {•},
OPTorganization = {•},
OPTpublisher = {•},
OPTlocation = {•},
OPTisbn = {•},
OPTchapter = {•},
OPTpages = {•},
pagetotal = {32},
OPTaddendum = {•},
OPTpubstate = {•},
OPTdoi = {•},
OPTeprint = {•},
OPTeprintclass = {•},
OPTeprinttype = {•},
url = {http://nts.imag.fr/images/b/b5/Ntslib.pdf},
urldate = {2014-11-09},
}



@InProceedings{AOSABOOK-LLVM,
  author    = "Chris Lattner",
  title     = "{LLVM}",
  booktitle = "{The Architecture of Open Source Applications}",
  booksubtitle = "{Elegance, Evolution and a Few Fearless Hacks}",
  chapter     = "{11}",
  year      = "{2014}",
  publisher = "{Lulu.com}",
  url = {http://www.aosabook.org},
  editor = {Amy Brown and Greg Wilson},
  urldate = {2014-11-09}
}

@inproceedings{LLVMForm,
author = {Jianzhou Zhao and Santosh Nagarakatte and Milo M. K. Martin and Steve Zdancewic},
title = {Formalizing the LLVM Intermediate Representation
for Verified Program Transformations},
booktitle = {POPL '12},
year = {2012},
OPTsubtitle = {•},
OPTtitleaddon = {•},
OPTmaintitle = {•},
OPTmainsubtitle = {•},
OPTmaintitleaddon = {•},
OPTbooksubtitle = {•},
OPTbooktitleaddon = {•},
eventtitle = {POPL’12: 39th ACM SIGPLAN-SIGACT Symposium on Principles of Programming Languages},
eventdate = {January 25–27, 2012},
OPTvenue = {•},
OPTlanguage = {•},
OPTvolume = {•},
OPTpart = {•},
OPTvolumes = {•},
OPTseries = {•},
OPTnumber = {•},
OPTnote = {•},
OPTorganization = {•},
OPTpublisher = {•},
OPTlocation = {•},
OPTmonth = {•},
OPTisbn = {•},
OPTchapter = {•},
OPTpages = {•},
OPTaddendum = {•},
OPTpubstate = {•},
OPTdoi = {•},
OPTeprint = {•},
OPTeprintclass = {•},
OPTeprinttype = {•},
url = {http://www.cis.upenn.edu/~stevez/papers/ZNMZ12.pdf},
urldate = {2014-11-09},
}

@online{LLVM,
author = {Chris Lattner},
title = {The LLVM Compiler Infrastructure },
year = {2014},
url = {http://www.llvm.org},
OPTsubtitle = {•},
OPTtitleaddon = {•},
OPTlanguage = {•},
OPTversion = {•},
OPTnote = {•},
OPTorganization = {•},
OPTdate = {•},
OPTmonth = {•},
OPTaddendum = {•},
OPTpubstate = {•},
urldate = {2014-11-07},
}

@manual{LLVM-langRef,
title = {LLVM Language Reference Manual},
year = {2014},
OPTsubtitle = {•},
OPTtitleaddon = {•},
OPTlanguage = {•},
OPTedition = {•},
OPTtype = {•},
OPTseries = {•},
OPTnumber = {•},
version = {3.5.0},
OPTnote = {•},
OPTorganization = {•},
OPTpublisher = {•},
OPTlocation = {•},
OPTisbn = {•},
OPTchapter = {•},
OPTpages = {•},
OPTpagetotal = {•},
OPTaddendum = {•},
OPTpubstate = {•},
OPTdoi = {•},
OPTeprint = {•},
OPTeprintclass = {•},
OPTeprinttype = {•},
url = {http://llvm.org/releases/3.5.0/docs/index.html},
urldate = {2014-11-07},
}


@online{clang,
author = {Chris Lattner},
title = {clang: a C language family frontend for LLVM},
year = {2014},
url = {http://clang.llvm.org},
OPTsubtitle = {•},
OPTtitleaddon = {•},
OPTlanguage = {•},
OPTversion = {•},
OPTnote = {•},
OPTorganization = {•},
OPTdate = {•},
OPTmonth = {•},
OPTaddendum = {•},
OPTpubstate = {•},
urldate = {2014-10-18},
}